@manual{LSM303:datasheet,
  title         = "{LSM303} Data Sheet",
  organization  = "SparkFun Electronics.",
  address       = "Colorado, USA"
} 


@manual{ITG-3200:datasheet,
  title         = "{ITG-3200} Data Sheet",
  organization  = "SparkFun Electronics.",
  address       = "Colorado, USA"
}

@manual{LS20031:datasheet,
  title         = "{LS20031} Data Sheet",
  organization  = "SparkFun Electronics.",
  address       = "Colorado, USA"
}

@manual{BeagleBone:SRM,
  title         = "{BeagleBone} System Reference Manual ",
  author	= "Gerald Coley",
  year		= "2012"
}